@article{paige1987three,
  title={Three partition refinement algorithms},
  author={Paige, Robert and Tarjan, Robert E},
  journal={SIAM Journal on Computing},
  volume={16},
  number={6},
  pages={973--989},
  year={1987},
  publisher={SIAM}
}
@phdthesis{DBLP:phd/ethos/DIppolito13,
	author    = {Nicol{\'{a}}s D'Ippolito},
	title     = {Synthesis of event-based controllers for software engineering},
	school    = {Imperial College London, {UK}},
	year      = {2013},
	url       = {http://ethos.bl.uk/OrderDetails.do?uin=uk.bl.ethos.576049},
	timestamp = {Tue, 16 Aug 2016 21:02:11 +0200},
	biburl    = {https://dblp.org/rec/bib/phd/ethos/DIppolito13},
	bibsource = {dblp computer science bibliography, https://dblp.org}
}
